<?xml version="1.0" encoding="utf-8"?>
<record xmlns="http://www.loc.gov/MARC21/slim" xmlns:xsi="http://www.w3.org/2001/XMLSchema-instance" xsi:schemaLocation="http://www.loc.gov/MARC21/slim http://www.loc.gov/standards/marcxml/schema/MARC21slim.xsd">
	<leader>     nam a22        4500</leader>
	<controlfield tag="001">b12335046</controlfield>
	<controlfield tag="003">LeBAU</controlfield>
	<controlfield tag="006">m        d        </controlfield>
	<controlfield tag="007">cr cn |||m|||a</controlfield>
	<controlfield tag="008">170508s1925    ua      o     ||0 0 ara d</controlfield>
	<datafield ind1=" " ind2=" " tag="040">
		<subfield code="a">NNU</subfield>
		<subfield code="b">ara</subfield>
		<subfield code="e">rda</subfield>
		<subfield code="c">NNU</subfield>
	</datafield>
	<datafield ind1=" " ind2="4" tag="050">
		<subfield code="a">BP135.I23</subfield>
		<subfield code="b">S4 1925</subfield>
	</datafield>
	<datafield ind1="0" ind2="4" tag="082">
		<subfield code="a">297.124</subfield>
		<subfield code="2">22</subfield>
	</datafield>
	<datafield ind1="1" ind2=" " tag="100">
		<subfield code="6">880-01</subfield>
		<subfield code="a">Shawkānī, Muḥammad ibn ʻAlī,</subfield>
		<subfield code="d">1759-1839,</subfield>
		<subfield code="e">author.</subfield>
	</datafield>
	<datafield ind1="1" ind2="0" tag="245">
		<subfield code="6">880-02</subfield>
		<subfield code="a">Nayl al-awṭār sharḥ Muntaqá al-akhbār min aḥādīth Sayyid al-Akhyār /</subfield>
		<subfield code="c">lil-shaykh al-imām al-mujtahid al-‘allāmah al-rabbānī qāḍī quḍāt al-quṭr al-yamānī Muḥammad ibn ‘Alī ibn Muḥammad al-Shawkānī al-mutawaffá sanat 1255 H. ; ‘uniyat bi-nashrihi wa-taṭḥīḥihi wa-muqābalat uṣūlihi wa-al-ta‘līq ‘alayh lil-marrah al-thānīyah sanat 1344 hijrīyah Idārat al-Ṭibāʻah al-Munīrīyah, li-ṣāḥibihā wa-mudīrihā Muḥammad Munīr ‘Abduh Āghā al-Dimāshqī.</subfield>
	</datafield>
	<datafield ind1=" " ind2="1" tag="264">
		<subfield code="6">880-03</subfield>
		<subfield code="a">Miṣr :</subfield>
		<subfield code="b">Idārat al-Ṭibāʻah al-Munīrīyah,</subfield>
		<subfield code="c">1344 H., [1925? M.]</subfield>
	</datafield>
	<datafield ind1=" " ind2=" " tag="300">
		<subfield code="6">880-04</subfield>
		<subfield code="a">online resource (9 volumes)</subfield>
	</datafield>
	<datafield ind1=" " ind2=" " tag="336">
		<subfield code="a">text</subfield>
		<subfield code="2">rdacontent</subfield>
	</datafield>
	<datafield ind1=" " ind2=" " tag="337">
		<subfield code="a">computer</subfield>
		<subfield code="2">rdamedia</subfield>
	</datafield>
	<datafield ind1=" " ind2=" " tag="338">
		<subfield code="a">online resource</subfield>
		<subfield code="2">rdacarrier</subfield>
	</datafield>
	<datafield ind1=" " ind2=" " tag="500">
		<subfield code="a">Part of the Arabic Collections Online (ACO) project, contributed by American University of Beirut's Jafet Memorial Library.</subfield>
	</datafield>
	<datafield ind1=" " ind2=" " tag="533">
		<subfield code="a">Electronic reproduction.</subfield>
		<subfield code="b">New York, N.Y. :</subfield>
		<subfield code="c">New York University,</subfield>
		<subfield code="d">2017.</subfield>
		<subfield code="5">NNU</subfield>
	</datafield>
	<datafield ind1="1" ind2="0" tag="600">
		<subfield code="6">880-05</subfield>
		<subfield code="a">Ibn Taymiyah, Ahmad ibn Abd al-Halim,</subfield>
		<subfield code="d">1263-1328.</subfield>
		<subfield code="t">Muntaqá al-Akhbār.</subfield>
	</datafield>
	<datafield ind1=" " ind2="0" tag="650">
		<subfield code="6">880-06</subfield>
		<subfield code="a">Hadith</subfield>
		<subfield code="v">Texts</subfield>
		<subfield code="v">Early works to 1800.</subfield>
	</datafield>
	<datafield ind1=" " ind2="0" tag="650">
		<subfield code="6">880-07</subfield>
		<subfield code="a">Hadith</subfield>
		<subfield code="x">Criticism, interpretation, etc.</subfield>
		<subfield code="v">Early works to 1800.</subfield>
	</datafield>
	<datafield ind1="2" ind2=" " tag="710">
		<subfield code="6">880-08</subfield>
		<subfield code="a">Idārat al-Ṭibāʻah al-Munīrīyah (Egypt),</subfield>
		<subfield code="e">annotator.</subfield>
	</datafield>
	<datafield ind1="2" ind2=" " tag="710">
		<subfield code="6">880-09</subfield>
		<subfield code="a">Idārat al-Ṭibāʻah al-Munīrīyah (Egypt),</subfield>
		<subfield code="e">commentator for written text.</subfield>
	</datafield>
	<datafield ind1="2" ind2=" " tag="710">
		<subfield code="a">Jafet Memorial Library.</subfield>
	</datafield>
	<datafield ind1="0" ind2=" " tag="730">
		<subfield code="a">Arabic Collections Online.</subfield>
	</datafield>
	<datafield ind1="0" ind2="8" tag="776">
		<subfield code="i">Print version:</subfield>
		<subfield code="a">Shawkānī, Muḥammad ibn ʻAlī, 1759-1839, author.</subfield>
		<subfield code="t">Nayl al-awṭār sharḥ Muntaqá al-akhbār min aḥādīth Sayyid al-Akhyār</subfield>
		<subfield code="w">(LeBAU)b12335046</subfield>
	</datafield>
	<datafield ind1="4" ind2="0" tag="856">
		<subfield code="u">http://hdl.handle.net/2333.1/547d8262</subfield>
	</datafield>
	<datafield ind1="1" ind2=" " tag="880">
		<subfield code="6">100-01/r</subfield>
		<subfield code="a">الشوكاني، محمد بن علي،</subfield>
		<subfield code="d">1759-1839،</subfield>
		<subfield code="e">مؤلف.</subfield>
		<subfield code="4">aut.</subfield>
	</datafield>
	<datafield ind1="1" ind2="0" tag="880">
		<subfield code="6">245-02/r</subfield>
		<subfield code="a">نيل الأوطار شرح منتقى الأخبار من أحاديث سيد الأخيار /</subfield>
		<subfield code="c">للشيخ الإمام المجتهد العلامة الرباني قاضي قضاة القطر اليماني محمد بن علي إبن محمد الشوكاني المتوفى سنة 1255 هـ. ؛ عنيت بنشره وتصحيحه ومقابلة أصوله والتعليق عليه للمرة الثانية سنة 1344 هجرية إدارة الطباعة المنيرية، لصاحبها ومديرها محمد منير عبده آغا الدمشقي.</subfield>
	</datafield>
	<datafield ind1=" " ind2="1" tag="880">
		<subfield code="6">264-03/r</subfield>
		<subfield code="a">مصر :</subfield>
		<subfield code="b">إدارة الطباعة المنيرية،</subfield>
		<subfield code="c">1344 هـ.، [1925؟ م.]</subfield>
	</datafield>
	<datafield ind1=" " ind2=" " tag="880">
		<subfield code="6">300-04/r</subfield>
		<subfield code="a">9 أجزاء ؛</subfield>
		<subfield code="c">25 سم</subfield>
	</datafield>
	<datafield ind1=" " ind2=" " tag="880">
		<subfield code="6">588-00/r</subfield>
		<subfield code="a">الوصف يستند إلى الجزء الخامس.</subfield>
	</datafield>
	<datafield ind1=" " ind2=" " tag="880">
		<subfield code="6">590-00/r</subfield>
		<subfield code="a">في المكتبة: الأجزاء 5-9.</subfield>
	</datafield>
	<datafield ind1="1" ind2="4" tag="880">
		<subfield code="6">600-05/r</subfield>
		<subfield code="a">ابن تيمية، أحمد بن عبد الحليم،</subfield>
		<subfield code="d">1263-1328.</subfield>
		<subfield code="t">منتقى الأخبار.</subfield>
	</datafield>
	<datafield ind1=" " ind2="4" tag="880">
		<subfield code="6">650-06/r</subfield>
		<subfield code="a">الحديث</subfield>
		<subfield code="x">نصوص</subfield>
		<subfield code="v">اعمال قديمة حتى 1800.</subfield>
	</datafield>
	<datafield ind1=" " ind2="4" tag="880">
		<subfield code="6">650-07/r</subfield>
		<subfield code="a">الحديث</subfield>
		<subfield code="x">تفسير وتأويل</subfield>
		<subfield code="v">اعمال قديمة حتى 1800.</subfield>
	</datafield>
	<datafield ind1="1" ind2="2" tag="880">
		<subfield code="6">710-08/r</subfield>
		<subfield code="a">ادارة الطباعة المنيرية (مصر)،</subfield>
		<subfield code="e">محقق.</subfield>
		<subfield code="4">ann.</subfield>
	</datafield>
	<datafield ind1="1" ind2="2" tag="880">
		<subfield code="6">710-09/r</subfield>
		<subfield code="a">ادارة الطباعة المنيرية (مصر)،</subfield>
		<subfield code="e">معلق على نص.</subfield>
		<subfield code="4">cwt.</subfield>
	</datafield>
	<datafield ind1=" " ind2=" " tag="959">
		<subfield code="a">NNU</subfield>
		<subfield code="b">WEB</subfield>
		<subfield code="c">GENI</subfield>
		<subfield code="t">0</subfield>
		<subfield code="m">Electronic access</subfield>
		<subfield code="s">01</subfield>
	</datafield>
	<datafield ind1=" " ind2=" " tag="999">
		<subfield code="i">LeBAU_b12335046</subfield>
		<subfield code="s">aub_aco000933:v.5</subfield>
		<subfield code="s">aub_aco000934:v.6</subfield>
		<subfield code="s">aub_aco000935:v.7</subfield>
		<subfield code="s">aub_aco000936:v.8</subfield>
		<subfield code="s">aub_aco000937:v.9</subfield>
		<subfield code="e">(ERROR-MISC)</subfield>
		<subfield code="s">aub_aco000933:v.5</subfield>
		<subfield code="s">aub_aco000934:v.6</subfield>
		<subfield code="s">aub_aco000935:v.7</subfield>
		<subfield code="s">aub_aco000936:v.8</subfield>
		<subfield code="s">aub_aco000937:v.9</subfield>
	</datafield>
</record>
